%YAML 1.1
%TAG !u! tag:unity3d.com,2011:
--- !u!29 &1
OcclusionCullingSettings:
  m_ObjectHideFlags: 0
  serializedVersion: 2
  m_OcclusionBakeSettings:
    smallestOccluder: 5
    smallestHole: 0.25
    backfaceThreshold: 100
  m_SceneGUID: 00000000000000000000000000000000
  m_OcclusionCullingData: {fileID: 0}
--- !u!104 &2
RenderSettings:
  m_ObjectHideFlags: 0
  serializedVersion: 9
  m_Fog: 0
  m_FogColor: {r: 0.5, g: 0.5, b: 0.5, a: 1}
  m_FogMode: 3
  m_FogDensity: 0.01
  m_LinearFogStart: 0
  m_LinearFogEnd: 300
  m_AmbientSkyColor: {r: 0.212, g: 0.227, b: 0.259, a: 1}
  m_AmbientEquatorColor: {r: 0.114, g: 0.125, b: 0.133, a: 1}
  m_AmbientGroundColor: {r: 0.047, g: 0.043, b: 0.035, a: 1}
  m_AmbientIntensity: 1
  m_AmbientMode: 3
  m_SubtractiveShadowColor: {r: 0.42, g: 0.478, b: 0.627, a: 1}
  m_SkyboxMaterial: {fileID: 0}
  m_HaloStrength: 0.5
  m_FlareStrength: 1
  m_FlareFadeSpeed: 3
  m_HaloTexture: {fileID: 0}
  m_SpotCookie: {fileID: 10001, guid: 0000000000000000e000000000000000, type: 0}
  m_DefaultReflectionMode: 0
  m_DefaultReflectionResolution: 128
  m_ReflectionBounces: 1
  m_ReflectionIntensity: 1
  m_CustomReflection: {fileID: 0}
  m_Sun: {fileID: 0}
  m_IndirectSpecularColor: {r: 0, g: 0, b: 0, a: 1}
  m_UseRadianceAmbientProbe: 0
--- !u!157 &3
LightmapSettings:
  m_ObjectHideFlags: 0
  serializedVersion: 11
  m_GIWorkflowMode: 1
  m_GISettings:
    serializedVersion: 2
    m_BounceScale: 1
    m_IndirectOutputScale: 1
    m_AlbedoBoost: 1
    m_EnvironmentLightingMode: 0
    m_EnableBakedLightmaps: 0
    m_EnableRealtimeLightmaps: 0
  m_LightmapEditorSettings:
    serializedVersion: 12
    m_Resolution: 2
    m_BakeResolution: 40
    m_AtlasSize: 1024
    m_AO: 0
    m_AOMaxDistance: 1
    m_CompAOExponent: 1
    m_CompAOExponentDirect: 0
    m_ExtractAmbientOcclusion: 0
    m_Padding: 2
    m_LightmapParameters: {fileID: 0}
    m_LightmapsBakeMode: 1
    m_TextureCompression: 1
    m_FinalGather: 0
    m_FinalGatherFiltering: 1
    m_FinalGatherRayCount: 256
    m_ReflectionCompression: 2
    m_MixedBakeMode: 2
    m_BakeBackend: 0
    m_PVRSampling: 1
    m_PVRDirectSampleCount: 32
    m_PVRSampleCount: 500
    m_PVRBounces: 2
    m_PVREnvironmentSampleCount: 500
    m_PVREnvironmentReferencePointCount: 2048
    m_PVRFilteringMode: 2
    m_PVRDenoiserTypeDirect: 0
    m_PVRDenoiserTypeIndirect: 0
    m_PVRDenoiserTypeAO: 0
    m_PVRFilterTypeDirect: 0
    m_PVRFilterTypeIndirect: 0
    m_PVRFilterTypeAO: 0
    m_PVREnvironmentMIS: 0
    m_PVRCulling: 1
    m_PVRFilteringGaussRadiusDirect: 1
    m_PVRFilteringGaussRadiusIndirect: 5
    m_PVRFilteringGaussRadiusAO: 2
    m_PVRFilteringAtrousPositionSigmaDirect: 0.5
    m_PVRFilteringAtrousPositionSigmaIndirect: 2
    m_PVRFilteringAtrousPositionSigmaAO: 1
    m_ExportTrainingData: 0
    m_TrainingDataDestination: TrainingData
    m_LightProbeSampleCountMultiplier: 4
  m_LightingDataAsset: {fileID: 0}
  m_UseShadowmask: 1
--- !u!196 &4
NavMeshSettings:
  serializedVersion: 2
  m_ObjectHideFlags: 0
  m_BuildSettings:
    serializedVersion: 2
    agentTypeID: 0
    agentRadius: 0.5
    agentHeight: 2
    agentSlope: 45
    agentClimb: 0.4
    ledgeDropHeight: 0
    maxJumpAcrossDistance: 0
    minRegionArea: 2
    manualCellSize: 0
    cellSize: 0.16666667
    manualTileSize: 0
    tileSize: 256
    accuratePlacement: 0
    debug:
      m_Flags: 0
  m_NavMeshData: {fileID: 0}
--- !u!1 &248191010
GameObject:
  m_ObjectHideFlags: 0
  m_CorrespondingSourceObject: {fileID: 0}
  m_PrefabInstance: {fileID: 0}
  m_PrefabAsset: {fileID: 0}
  serializedVersion: 6
  m_Component:
  - component: {fileID: 248191011}
  m_Layer: 0
  m_Name: Decorations
  m_TagString: Untagged
  m_Icon: {fileID: 0}
  m_NavMeshLayer: 0
  m_StaticEditorFlags: 0
  m_IsActive: 1
--- !u!4 &248191011
Transform:
  m_ObjectHideFlags: 0
  m_CorrespondingSourceObject: {fileID: 0}
  m_PrefabInstance: {fileID: 0}
  m_PrefabAsset: {fileID: 0}
  m_GameObject: {fileID: 248191010}
  m_LocalRotation: {x: 0, y: 0, z: 0, w: 1}
  m_LocalPosition: {x: 0.3446573, y: -0.21012776, z: -3.573623}
  m_LocalScale: {x: 1, y: 1, z: 1}
  m_Children:
  - {fileID: 1882774752847478954}
  - {fileID: 1147492929}
  - {fileID: 1037299527}
  - {fileID: 1869726335}
  - {fileID: 442840644}
  - {fileID: 2094044167}
  - {fileID: 635208547}
  - {fileID: 1387990987}
  m_Father: {fileID: 0}
  m_RootOrder: 3
  m_LocalEulerAnglesHint: {x: 0, y: 0, z: 0}
--- !u!1 &271458372
GameObject:
  m_ObjectHideFlags: 0
  m_CorrespondingSourceObject: {fileID: 0}
  m_PrefabInstance: {fileID: 0}
  m_PrefabAsset: {fileID: 0}
  serializedVersion: 6
  m_Component:
  - component: {fileID: 271458374}
  - component: {fileID: 271458373}
  m_Layer: 0
  m_Name: water_splash_002
  m_TagString: Untagged
  m_Icon: {fileID: 0}
  m_NavMeshLayer: 0
  m_StaticEditorFlags: 0
  m_IsActive: 1
--- !u!82 &271458373
AudioSource:
  m_ObjectHideFlags: 0
  m_CorrespondingSourceObject: {fileID: 0}
  m_PrefabInstance: {fileID: 0}
  m_PrefabAsset: {fileID: 0}
  m_GameObject: {fileID: 271458372}
  m_Enabled: 0
  serializedVersion: 4
  OutputAudioMixerGroup: {fileID: 0}
  m_audioClip: {fileID: 8300000, guid: af8349608f048f84bb8b88d1317ffe80, type: 3}
  m_PlayOnAwake: 1
  m_Volume: 1
  m_Pitch: 1
  Loop: 0
  Mute: 0
  Spatialize: 0
  SpatializePostEffects: 0
  Priority: 128
  DopplerLevel: 1
  MinDistance: 1
  MaxDistance: 500
  Pan2D: 0
  rolloffMode: 0
  BypassEffects: 0
  BypassListenerEffects: 0
  BypassReverbZones: 0
  rolloffCustomCurve:
    serializedVersion: 2
    m_Curve:
    - serializedVersion: 3
      time: 0
      value: 1
      inSlope: 0
      outSlope: 0
      tangentMode: 0
      weightedMode: 0
      inWeight: 0.33333334
      outWeight: 0.33333334
    - serializedVersion: 3
      time: 1
      value: 0
      inSlope: 0
      outSlope: 0
      tangentMode: 0
      weightedMode: 0
      inWeight: 0.33333334
      outWeight: 0.33333334
    m_PreInfinity: 2
    m_PostInfinity: 2
    m_RotationOrder: 4
  panLevelCustomCurve:
    serializedVersion: 2
    m_Curve:
    - serializedVersion: 3
      time: 0
      value: 0
      inSlope: 0
      outSlope: 0
      tangentMode: 0
      weightedMode: 0
      inWeight: 0.33333334
      outWeight: 0.33333334
    m_PreInfinity: 2
    m_PostInfinity: 2
    m_RotationOrder: 4
  spreadCustomCurve:
    serializedVersion: 2
    m_Curve:
    - serializedVersion: 3
      time: 0
      value: 0
      inSlope: 0
      outSlope: 0
      tangentMode: 0
      weightedMode: 0
      inWeight: 0.33333334
      outWeight: 0.33333334
    m_PreInfinity: 2
    m_PostInfinity: 2
    m_RotationOrder: 4
  reverbZoneMixCustomCurve:
    serializedVersion: 2
    m_Curve:
    - serializedVersion: 3
      time: 0
      value: 1
      inSlope: 0
      outSlope: 0
      tangentMode: 0
      weightedMode: 0
      inWeight: 0.33333334
      outWeight: 0.33333334
    m_PreInfinity: 2
    m_PostInfinity: 2
    m_RotationOrder: 4
--- !u!4 &271458374
Transform:
  m_ObjectHideFlags: 0
  m_CorrespondingSourceObject: {fileID: 0}
  m_PrefabInstance: {fileID: 0}
  m_PrefabAsset: {fileID: 0}
  m_GameObject: {fileID: 271458372}
  m_LocalRotation: {x: 0, y: 0, z: 0, w: 1}
  m_LocalPosition: {x: 0, y: 0, z: 0}
  m_LocalScale: {x: 1, y: 1, z: 1}
  m_Children: []
  m_Father: {fileID: 0}
  m_RootOrder: 6
  m_LocalEulerAnglesHint: {x: 0, y: 0, z: 0}
--- !u!1 &274673693
GameObject:
  m_ObjectHideFlags: 0
  m_CorrespondingSourceObject: {fileID: 0}
  m_PrefabInstance: {fileID: 0}
  m_PrefabAsset: {fileID: 0}
  serializedVersion: 6
  m_Component:
  - component: {fileID: 274673695}
  - component: {fileID: 274673694}
  m_Layer: 0
  m_Name: 411867__ispeakwaves__mystery
  m_TagString: Untagged
  m_Icon: {fileID: 0}
  m_NavMeshLayer: 0
  m_StaticEditorFlags: 0
  m_IsActive: 1
--- !u!82 &274673694
AudioSource:
  m_ObjectHideFlags: 0
  m_CorrespondingSourceObject: {fileID: 0}
  m_PrefabInstance: {fileID: 0}
  m_PrefabAsset: {fileID: 0}
  m_GameObject: {fileID: 274673693}
  m_Enabled: 1
  serializedVersion: 4
  OutputAudioMixerGroup: {fileID: 0}
  m_audioClip: {fileID: 8300000, guid: 8e759d55687f47049b8432cf4476fe4e, type: 3}
  m_PlayOnAwake: 1
  m_Volume: 0.367
  m_Pitch: 1
  Loop: 1
  Mute: 0
  Spatialize: 0
  SpatializePostEffects: 0
  Priority: 128
  DopplerLevel: 1
  MinDistance: 1
  MaxDistance: 500
  Pan2D: 0
  rolloffMode: 0
  BypassEffects: 0
  BypassListenerEffects: 0
  BypassReverbZones: 0
  rolloffCustomCurve:
    serializedVersion: 2
    m_Curve:
    - serializedVersion: 3
      time: 0
      value: 1
      inSlope: 0
      outSlope: 0
      tangentMode: 0
      weightedMode: 0
      inWeight: 0.33333334
      outWeight: 0.33333334
    - serializedVersion: 3
      time: 1
      value: 0
      inSlope: 0
      outSlope: 0
      tangentMode: 0
      weightedMode: 0
      inWeight: 0.33333334
      outWeight: 0.33333334
    m_PreInfinity: 2
    m_PostInfinity: 2
    m_RotationOrder: 4
  panLevelCustomCurve:
    serializedVersion: 2
    m_Curve:
    - serializedVersion: 3
      time: 0
      value: 0
      inSlope: 0
      outSlope: 0
      tangentMode: 0
      weightedMode: 0
      inWeight: 0.33333334
      outWeight: 0.33333334
    m_PreInfinity: 2
    m_PostInfinity: 2
    m_RotationOrder: 4
  spreadCustomCurve:
    serializedVersion: 2
    m_Curve:
    - serializedVersion: 3
      time: 0
      value: 0
      inSlope: 0
      outSlope: 0
      tangentMode: 0
      weightedMode: 0
      inWeight: 0.33333334
      outWeight: 0.33333334
    m_PreInfinity: 2
    m_PostInfinity: 2
    m_RotationOrder: 4
  reverbZoneMixCustomCurve:
    serializedVersion: 2
    m_Curve:
    - serializedVersion: 3
      time: 0
      value: 1
      inSlope: 0
      outSlope: 0
      tangentMode: 0
      weightedMode: 0
      inWeight: 0.33333334
      outWeight: 0.33333334
    m_PreInfinity: 2
    m_PostInfinity: 2
    m_RotationOrder: 4
--- !u!4 &274673695
Transform:
  m_ObjectHideFlags: 0
  m_CorrespondingSourceObject: {fileID: 0}
  m_PrefabInstance: {fileID: 0}
  m_PrefabAsset: {fileID: 0}
  m_GameObject: {fileID: 274673693}
  m_LocalRotation: {x: 0, y: 0, z: 0, w: 1}
  m_LocalPosition: {x: 4.92, y: 1.55, z: 0}
  m_LocalScale: {x: 1, y: 1, z: 1}
  m_Children: []
  m_Father: {fileID: 0}
  m_RootOrder: 7
  m_LocalEulerAnglesHint: {x: 0, y: 0, z: 0}
--- !u!1001 &405966805
PrefabInstance:
  m_ObjectHideFlags: 0
  serializedVersion: 2
  m_Modification:
    m_TransformParent: {fileID: 0}
    m_Modifications:
    - target: {fileID: 2842055521911856376, guid: c39c7449dccd5204b83b37cc2872bad7,
        type: 3}
      propertyPath: m_Name
      value: threshold
      objectReference: {fileID: 0}
    - target: {fileID: 2842055521911856378, guid: c39c7449dccd5204b83b37cc2872bad7,
        type: 3}
      propertyPath: m_RootOrder
      value: 5
      objectReference: {fileID: 0}
    - target: {fileID: 2842055521911856378, guid: c39c7449dccd5204b83b37cc2872bad7,
        type: 3}
      propertyPath: m_LocalPosition.x
      value: 0
      objectReference: {fileID: 0}
    - target: {fileID: 2842055521911856378, guid: c39c7449dccd5204b83b37cc2872bad7,
        type: 3}
      propertyPath: m_LocalPosition.y
      value: 0
      objectReference: {fileID: 0}
    - target: {fileID: 2842055521911856378, guid: c39c7449dccd5204b83b37cc2872bad7,
        type: 3}
      propertyPath: m_LocalPosition.z
      value: 0
      objectReference: {fileID: 0}
    - target: {fileID: 2842055521911856378, guid: c39c7449dccd5204b83b37cc2872bad7,
        type: 3}
      propertyPath: m_LocalRotation.w
      value: 1
      objectReference: {fileID: 0}
    - target: {fileID: 2842055521911856378, guid: c39c7449dccd5204b83b37cc2872bad7,
        type: 3}
      propertyPath: m_LocalRotation.x
      value: 0
      objectReference: {fileID: 0}
    - target: {fileID: 2842055521911856378, guid: c39c7449dccd5204b83b37cc2872bad7,
        type: 3}
      propertyPath: m_LocalRotation.y
      value: 0
      objectReference: {fileID: 0}
    - target: {fileID: 2842055521911856378, guid: c39c7449dccd5204b83b37cc2872bad7,
        type: 3}
      propertyPath: m_LocalRotation.z
      value: 0
      objectReference: {fileID: 0}
    - target: {fileID: 2842055521911856378, guid: c39c7449dccd5204b83b37cc2872bad7,
        type: 3}
      propertyPath: m_LocalEulerAnglesHint.x
      value: 0
      objectReference: {fileID: 0}
    - target: {fileID: 2842055521911856378, guid: c39c7449dccd5204b83b37cc2872bad7,
        type: 3}
      propertyPath: m_LocalEulerAnglesHint.y
      value: 0
      objectReference: {fileID: 0}
    - target: {fileID: 2842055521911856378, guid: c39c7449dccd5204b83b37cc2872bad7,
        type: 3}
      propertyPath: m_LocalEulerAnglesHint.z
      value: 0
      objectReference: {fileID: 0}
    m_RemovedComponents: []
  m_SourcePrefab: {fileID: 100100000, guid: c39c7449dccd5204b83b37cc2872bad7, type: 3}
--- !u!4 &405966806 stripped
Transform:
  m_CorrespondingSourceObject: {fileID: 2842055521911856378, guid: c39c7449dccd5204b83b37cc2872bad7,
    type: 3}
  m_PrefabInstance: {fileID: 405966805}
  m_PrefabAsset: {fileID: 0}
--- !u!4 &405966807 stripped
Transform:
  m_CorrespondingSourceObject: {fileID: 2842055521227121548, guid: c39c7449dccd5204b83b37cc2872bad7,
    type: 3}
  m_PrefabInstance: {fileID: 405966805}
  m_PrefabAsset: {fileID: 0}
--- !u!1001 &442840643
PrefabInstance:
  m_ObjectHideFlags: 0
  serializedVersion: 2
  m_Modification:
    m_TransformParent: {fileID: 248191011}
    m_Modifications:
    - target: {fileID: 389368983688223206, guid: aca8c35607e030c4cbe4377f3de7f3b8,
        type: 3}
      propertyPath: m_Name
      value: Skelly (3)
      objectReference: {fileID: 0}
    - target: {fileID: 3100538271424412174, guid: aca8c35607e030c4cbe4377f3de7f3b8,
        type: 3}
      propertyPath: m_FlipY
      value: 1
      objectReference: {fileID: 0}
    - target: {fileID: 7187520988728776661, guid: aca8c35607e030c4cbe4377f3de7f3b8,
        type: 3}
      propertyPath: m_RootOrder
      value: 4
      objectReference: {fileID: 0}
    - target: {fileID: 7187520988728776661, guid: aca8c35607e030c4cbe4377f3de7f3b8,
        type: 3}
      propertyPath: m_LocalPosition.x
      value: 2.9592133
      objectReference: {fileID: 0}
    - target: {fileID: 7187520988728776661, guid: aca8c35607e030c4cbe4377f3de7f3b8,
        type: 3}
      propertyPath: m_LocalPosition.y
      value: -2.4227607
      objectReference: {fileID: 0}
    - target: {fileID: 7187520988728776661, guid: aca8c35607e030c4cbe4377f3de7f3b8,
        type: 3}
      propertyPath: m_LocalPosition.z
      value: 3.573623
      objectReference: {fileID: 0}
    - target: {fileID: 7187520988728776661, guid: aca8c35607e030c4cbe4377f3de7f3b8,
        type: 3}
      propertyPath: m_LocalRotation.w
      value: 1
      objectReference: {fileID: 0}
    - target: {fileID: 7187520988728776661, guid: aca8c35607e030c4cbe4377f3de7f3b8,
        type: 3}
      propertyPath: m_LocalRotation.x
      value: -0
      objectReference: {fileID: 0}
    - target: {fileID: 7187520988728776661, guid: aca8c35607e030c4cbe4377f3de7f3b8,
        type: 3}
      propertyPath: m_LocalRotation.y
      value: -0
      objectReference: {fileID: 0}
    - target: {fileID: 7187520988728776661, guid: aca8c35607e030c4cbe4377f3de7f3b8,
        type: 3}
      propertyPath: m_LocalRotation.z
      value: -0
      objectReference: {fileID: 0}
    - target: {fileID: 7187520988728776661, guid: aca8c35607e030c4cbe4377f3de7f3b8,
        type: 3}
      propertyPath: m_LocalEulerAnglesHint.x
      value: 0
      objectReference: {fileID: 0}
    - target: {fileID: 7187520988728776661, guid: aca8c35607e030c4cbe4377f3de7f3b8,
        type: 3}
      propertyPath: m_LocalEulerAnglesHint.y
      value: 0
      objectReference: {fileID: 0}
    - target: {fileID: 7187520988728776661, guid: aca8c35607e030c4cbe4377f3de7f3b8,
        type: 3}
      propertyPath: m_LocalEulerAnglesHint.z
      value: 0
      objectReference: {fileID: 0}
    m_RemovedComponents: []
  m_SourcePrefab: {fileID: 100100000, guid: aca8c35607e030c4cbe4377f3de7f3b8, type: 3}
--- !u!4 &442840644 stripped
Transform:
  m_CorrespondingSourceObject: {fileID: 7187520988728776661, guid: aca8c35607e030c4cbe4377f3de7f3b8,
    type: 3}
  m_PrefabInstance: {fileID: 442840643}
  m_PrefabAsset: {fileID: 0}
--- !u!1 &519420028
GameObject:
  m_ObjectHideFlags: 0
  m_CorrespondingSourceObject: {fileID: 0}
  m_PrefabInstance: {fileID: 0}
  m_PrefabAsset: {fileID: 0}
  serializedVersion: 6
  m_Component:
  - component: {fileID: 519420032}
  - component: {fileID: 519420031}
  - component: {fileID: 519420029}
  - component: {fileID: 519420030}
  m_Layer: 0
  m_Name: Main Camera
  m_TagString: MainCamera
  m_Icon: {fileID: 0}
  m_NavMeshLayer: 0
  m_StaticEditorFlags: 0
  m_IsActive: 1
--- !u!81 &519420029
AudioListener:
  m_ObjectHideFlags: 0
  m_CorrespondingSourceObject: {fileID: 0}
  m_PrefabInstance: {fileID: 0}
  m_PrefabAsset: {fileID: 0}
  m_GameObject: {fileID: 519420028}
  m_Enabled: 1
--- !u!114 &519420030
MonoBehaviour:
  m_ObjectHideFlags: 0
  m_CorrespondingSourceObject: {fileID: 0}
  m_PrefabInstance: {fileID: 0}
  m_PrefabAsset: {fileID: 0}
  m_GameObject: {fileID: 519420028}
  m_Enabled: 1
  m_EditorHideFlags: 0
  m_Script: {fileID: 11500000, guid: 3b4f20b4a130ba442a323c9c9bf7956b, type: 3}
  m_Name: 
  m_EditorClassIdentifier: 
  player: {fileID: 6533646895912846726}
  speed: 40
  circle: {fileID: 405966807}
  outerCircle: {fileID: 405966806}
--- !u!20 &519420031
Camera:
  m_ObjectHideFlags: 0
  m_CorrespondingSourceObject: {fileID: 0}
  m_PrefabInstance: {fileID: 0}
  m_PrefabAsset: {fileID: 0}
  m_GameObject: {fileID: 519420028}
  m_Enabled: 1
  serializedVersion: 2
  m_ClearFlags: 2
  m_BackGroundColor: {r: 0.19215687, g: 0.3019608, b: 0.4745098, a: 0}
  m_projectionMatrixMode: 1
  m_GateFitMode: 2
  m_FOVAxisMode: 0
  m_SensorSize: {x: 36, y: 24}
  m_LensShift: {x: 0, y: 0}
  m_FocalLength: 50
  m_NormalizedViewPortRect:
    serializedVersion: 2
    x: 0
    y: 0
    width: 1
    height: 1
  near clip plane: 0.3
  far clip plane: 1000
  field of view: 60
  orthographic: 1
  orthographic size: 2.6842375
  m_Depth: -1
  m_CullingMask:
    serializedVersion: 2
    m_Bits: 4294967295
  m_RenderingPath: -1
  m_TargetTexture: {fileID: 0}
  m_TargetDisplay: 0
  m_TargetEye: 0
  m_HDR: 1
  m_AllowMSAA: 0
  m_AllowDynamicResolution: 0
  m_ForceIntoRT: 0
  m_OcclusionCulling: 0
  m_StereoConvergence: 10
  m_StereoSeparation: 0.022
--- !u!4 &519420032
Transform:
  m_ObjectHideFlags: 0
  m_CorrespondingSourceObject: {fileID: 0}
  m_PrefabInstance: {fileID: 0}
  m_PrefabAsset: {fileID: 0}
  m_GameObject: {fileID: 519420028}
  m_LocalRotation: {x: 0, y: 0, z: 0, w: 1}
  m_LocalPosition: {x: 0, y: -0.18, z: -10}
  m_LocalScale: {x: 1, y: 1, z: 1}
  m_Children: []
  m_Father: {fileID: 0}
  m_RootOrder: 0
  m_LocalEulerAnglesHint: {x: 0, y: 0, z: 0}
--- !u!4 &635208547 stripped
Transform:
  m_CorrespondingSourceObject: {fileID: 7187520988728776661, guid: aca8c35607e030c4cbe4377f3de7f3b8,
    type: 3}
  m_PrefabInstance: {fileID: 1347472780}
  m_PrefabAsset: {fileID: 0}
--- !u!1 &660562284
GameObject:
  m_ObjectHideFlags: 0
  m_CorrespondingSourceObject: {fileID: 0}
  m_PrefabInstance: {fileID: 0}
  m_PrefabAsset: {fileID: 0}
  serializedVersion: 6
  m_Component:
  - component: {fileID: 660562285}
  m_Layer: 0
  m_Name: Spawners
  m_TagString: Untagged
  m_Icon: {fileID: 0}
  m_NavMeshLayer: 0
  m_StaticEditorFlags: 0
  m_IsActive: 1
--- !u!4 &660562285
Transform:
  m_ObjectHideFlags: 0
  m_CorrespondingSourceObject: {fileID: 0}
  m_PrefabInstance: {fileID: 0}
  m_PrefabAsset: {fileID: 0}
  m_GameObject: {fileID: 660562284}
  m_LocalRotation: {x: 0, y: 0, z: 0, w: 1}
  m_LocalPosition: {x: 0.12708184, y: -0.38620842, z: -12.074219}
  m_LocalScale: {x: 1, y: 1, z: 1}
  m_Children:
  - {fileID: 1209108423}
  - {fileID: 1662897321}
  - {fileID: 779534895}
  - {fileID: 979780185}
  - {fileID: 1600041099}
  m_Father: {fileID: 0}
  m_RootOrder: 4
  m_LocalEulerAnglesHint: {x: 0, y: 0, z: 0}
--- !u!1001 &730808088
PrefabInstance:
  m_ObjectHideFlags: 0
  serializedVersion: 2
  m_Modification:
    m_TransformParent: {fileID: 248191011}
    m_Modifications:
    - target: {fileID: 389368983688223206, guid: aca8c35607e030c4cbe4377f3de7f3b8,
        type: 3}
      propertyPath: m_Name
      value: Skelly (1)
      objectReference: {fileID: 0}
    - target: {fileID: 7187520988728776661, guid: aca8c35607e030c4cbe4377f3de7f3b8,
        type: 3}
      propertyPath: m_RootOrder
      value: 5
      objectReference: {fileID: 0}
    - target: {fileID: 7187520988728776661, guid: aca8c35607e030c4cbe4377f3de7f3b8,
        type: 3}
      propertyPath: m_LocalPosition.x
      value: -2.0662217
      objectReference: {fileID: 0}
    - target: {fileID: 7187520988728776661, guid: aca8c35607e030c4cbe4377f3de7f3b8,
        type: 3}
      propertyPath: m_LocalPosition.y
      value: -2.3885648
      objectReference: {fileID: 0}
    - target: {fileID: 7187520988728776661, guid: aca8c35607e030c4cbe4377f3de7f3b8,
        type: 3}
      propertyPath: m_LocalPosition.z
      value: 3.573623
      objectReference: {fileID: 0}
    - target: {fileID: 7187520988728776661, guid: aca8c35607e030c4cbe4377f3de7f3b8,
        type: 3}
      propertyPath: m_LocalRotation.w
      value: 1
      objectReference: {fileID: 0}
    - target: {fileID: 7187520988728776661, guid: aca8c35607e030c4cbe4377f3de7f3b8,
        type: 3}
      propertyPath: m_LocalRotation.x
      value: -0
      objectReference: {fileID: 0}
    - target: {fileID: 7187520988728776661, guid: aca8c35607e030c4cbe4377f3de7f3b8,
        type: 3}
      propertyPath: m_LocalRotation.y
      value: -0
      objectReference: {fileID: 0}
    - target: {fileID: 7187520988728776661, guid: aca8c35607e030c4cbe4377f3de7f3b8,
        type: 3}
      propertyPath: m_LocalRotation.z
      value: -0
      objectReference: {fileID: 0}
    - target: {fileID: 7187520988728776661, guid: aca8c35607e030c4cbe4377f3de7f3b8,
        type: 3}
      propertyPath: m_LocalEulerAnglesHint.x
      value: 0
      objectReference: {fileID: 0}
    - target: {fileID: 7187520988728776661, guid: aca8c35607e030c4cbe4377f3de7f3b8,
        type: 3}
      propertyPath: m_LocalEulerAnglesHint.y
      value: 0
      objectReference: {fileID: 0}
    - target: {fileID: 7187520988728776661, guid: aca8c35607e030c4cbe4377f3de7f3b8,
        type: 3}
      propertyPath: m_LocalEulerAnglesHint.z
      value: 0
      objectReference: {fileID: 0}
    m_RemovedComponents: []
  m_SourcePrefab: {fileID: 100100000, guid: aca8c35607e030c4cbe4377f3de7f3b8, type: 3}
--- !u!1001 &779534894
PrefabInstance:
  m_ObjectHideFlags: 0
  serializedVersion: 2
  m_Modification:
    m_TransformParent: {fileID: 660562285}
    m_Modifications:
    - target: {fileID: 52755801885422024, guid: eca328d9ae118e8418876626b117c34e,
        type: 3}
      propertyPath: m_RootOrder
      value: 2
      objectReference: {fileID: 0}
    - target: {fileID: 52755801885422024, guid: eca328d9ae118e8418876626b117c34e,
        type: 3}
      propertyPath: m_LocalPosition.x
      value: -0.22708184
      objectReference: {fileID: 0}
    - target: {fileID: 52755801885422024, guid: eca328d9ae118e8418876626b117c34e,
        type: 3}
      propertyPath: m_LocalPosition.y
      value: -3.0037918
      objectReference: {fileID: 0}
    - target: {fileID: 52755801885422024, guid: eca328d9ae118e8418876626b117c34e,
        type: 3}
      propertyPath: m_LocalPosition.z
      value: 12.074219
      objectReference: {fileID: 0}
    - target: {fileID: 52755801885422024, guid: eca328d9ae118e8418876626b117c34e,
        type: 3}
      propertyPath: m_LocalRotation.w
      value: 1
      objectReference: {fileID: 0}
    - target: {fileID: 52755801885422024, guid: eca328d9ae118e8418876626b117c34e,
        type: 3}
      propertyPath: m_LocalRotation.x
      value: -0
      objectReference: {fileID: 0}
    - target: {fileID: 52755801885422024, guid: eca328d9ae118e8418876626b117c34e,
        type: 3}
      propertyPath: m_LocalRotation.y
      value: -0
      objectReference: {fileID: 0}
    - target: {fileID: 52755801885422024, guid: eca328d9ae118e8418876626b117c34e,
        type: 3}
      propertyPath: m_LocalRotation.z
      value: -0
      objectReference: {fileID: 0}
    - target: {fileID: 52755801885422024, guid: eca328d9ae118e8418876626b117c34e,
        type: 3}
      propertyPath: m_LocalEulerAnglesHint.x
      value: 0
      objectReference: {fileID: 0}
    - target: {fileID: 52755801885422024, guid: eca328d9ae118e8418876626b117c34e,
        type: 3}
      propertyPath: m_LocalEulerAnglesHint.y
      value: 0
      objectReference: {fileID: 0}
    - target: {fileID: 52755801885422024, guid: eca328d9ae118e8418876626b117c34e,
        type: 3}
      propertyPath: m_LocalEulerAnglesHint.z
      value: 0
      objectReference: {fileID: 0}
    - target: {fileID: 2945982045494539842, guid: eca328d9ae118e8418876626b117c34e,
        type: 3}
      propertyPath: m_Name
      value: OctoSpawner
      objectReference: {fileID: 0}
    m_RemovedComponents: []
  m_SourcePrefab: {fileID: 100100000, guid: eca328d9ae118e8418876626b117c34e, type: 3}
--- !u!4 &779534895 stripped
Transform:
  m_CorrespondingSourceObject: {fileID: 52755801885422024, guid: eca328d9ae118e8418876626b117c34e,
    type: 3}
  m_PrefabInstance: {fileID: 779534894}
  m_PrefabAsset: {fileID: 0}
--- !u!1001 &979780184
PrefabInstance:
  m_ObjectHideFlags: 0
  serializedVersion: 2
  m_Modification:
    m_TransformParent: {fileID: 660562285}
    m_Modifications:
    - target: {fileID: 1903276108853898484, guid: e74b4f838ca8b41448305684ef241ede,
        type: 3}
      propertyPath: m_Name
      value: FishRSpawner
      objectReference: {fileID: 0}
    - target: {fileID: 1903276108853898485, guid: e74b4f838ca8b41448305684ef241ede,
        type: 3}
      propertyPath: m_RootOrder
      value: 3
      objectReference: {fileID: 0}
    - target: {fileID: 1903276108853898485, guid: e74b4f838ca8b41448305684ef241ede,
        type: 3}
      propertyPath: m_LocalPosition.x
      value: -5.85
      objectReference: {fileID: 0}
    - target: {fileID: 1903276108853898485, guid: e74b4f838ca8b41448305684ef241ede,
        type: 3}
      propertyPath: m_LocalPosition.y
      value: 0.06620842
      objectReference: {fileID: 0}
    - target: {fileID: 1903276108853898485, guid: e74b4f838ca8b41448305684ef241ede,
        type: 3}
      propertyPath: m_LocalPosition.z
      value: 12.074219
      objectReference: {fileID: 0}
    - target: {fileID: 1903276108853898485, guid: e74b4f838ca8b41448305684ef241ede,
        type: 3}
      propertyPath: m_LocalRotation.w
      value: 1
      objectReference: {fileID: 0}
    - target: {fileID: 1903276108853898485, guid: e74b4f838ca8b41448305684ef241ede,
        type: 3}
      propertyPath: m_LocalRotation.x
      value: -0
      objectReference: {fileID: 0}
    - target: {fileID: 1903276108853898485, guid: e74b4f838ca8b41448305684ef241ede,
        type: 3}
      propertyPath: m_LocalRotation.y
      value: -0
      objectReference: {fileID: 0}
    - target: {fileID: 1903276108853898485, guid: e74b4f838ca8b41448305684ef241ede,
        type: 3}
      propertyPath: m_LocalRotation.z
      value: -0
      objectReference: {fileID: 0}
    - target: {fileID: 1903276108853898485, guid: e74b4f838ca8b41448305684ef241ede,
        type: 3}
      propertyPath: m_LocalEulerAnglesHint.x
      value: 0
      objectReference: {fileID: 0}
    - target: {fileID: 1903276108853898485, guid: e74b4f838ca8b41448305684ef241ede,
        type: 3}
      propertyPath: m_LocalEulerAnglesHint.y
      value: 0
      objectReference: {fileID: 0}
    - target: {fileID: 1903276108853898485, guid: e74b4f838ca8b41448305684ef241ede,
        type: 3}
      propertyPath: m_LocalEulerAnglesHint.z
      value: 0
      objectReference: {fileID: 0}
    - target: {fileID: 1903276108853898490, guid: e74b4f838ca8b41448305684ef241ede,
        type: 3}
      propertyPath: spawnrate
      value: 3
      objectReference: {fileID: 0}
    m_RemovedComponents: []
  m_SourcePrefab: {fileID: 100100000, guid: e74b4f838ca8b41448305684ef241ede, type: 3}
--- !u!4 &979780185 stripped
Transform:
  m_CorrespondingSourceObject: {fileID: 1903276108853898485, guid: e74b4f838ca8b41448305684ef241ede,
    type: 3}
  m_PrefabInstance: {fileID: 979780184}
  m_PrefabAsset: {fileID: 0}
--- !u!1001 &1037299526
PrefabInstance:
  m_ObjectHideFlags: 0
  serializedVersion: 2
  m_Modification:
    m_TransformParent: {fileID: 248191011}
    m_Modifications:
    - target: {fileID: 389368983688223206, guid: aca8c35607e030c4cbe4377f3de7f3b8,
        type: 3}
      propertyPath: m_Name
      value: Skelly (1)
      objectReference: {fileID: 0}
    - target: {fileID: 3100538271424412174, guid: aca8c35607e030c4cbe4377f3de7f3b8,
        type: 3}
      propertyPath: m_FlipX
      value: 1
      objectReference: {fileID: 0}
    - target: {fileID: 3100538271424412174, guid: aca8c35607e030c4cbe4377f3de7f3b8,
        type: 3}
      propertyPath: m_FlipY
      value: 1
      objectReference: {fileID: 0}
    - target: {fileID: 7187520988728776661, guid: aca8c35607e030c4cbe4377f3de7f3b8,
        type: 3}
      propertyPath: m_RootOrder
      value: 2
      objectReference: {fileID: 0}
    - target: {fileID: 7187520988728776661, guid: aca8c35607e030c4cbe4377f3de7f3b8,
        type: 3}
      propertyPath: m_LocalPosition.x
      value: 3.8835096
      objectReference: {fileID: 0}
    - target: {fileID: 7187520988728776661, guid: aca8c35607e030c4cbe4377f3de7f3b8,
        type: 3}
      propertyPath: m_LocalPosition.y
      value: -2.0193167
      objectReference: {fileID: 0}
    - target: {fileID: 7187520988728776661, guid: aca8c35607e030c4cbe4377f3de7f3b8,
        type: 3}
      propertyPath: m_LocalPosition.z
      value: 3.573623
      objectReference: {fileID: 0}
    - target: {fileID: 7187520988728776661, guid: aca8c35607e030c4cbe4377f3de7f3b8,
        type: 3}
      propertyPath: m_LocalRotation.w
      value: 1
      objectReference: {fileID: 0}
    - target: {fileID: 7187520988728776661, guid: aca8c35607e030c4cbe4377f3de7f3b8,
        type: 3}
      propertyPath: m_LocalRotation.x
      value: -0
      objectReference: {fileID: 0}
    - target: {fileID: 7187520988728776661, guid: aca8c35607e030c4cbe4377f3de7f3b8,
        type: 3}
      propertyPath: m_LocalRotation.y
      value: -0
      objectReference: {fileID: 0}
    - target: {fileID: 7187520988728776661, guid: aca8c35607e030c4cbe4377f3de7f3b8,
        type: 3}
      propertyPath: m_LocalRotation.z
      value: -0
      objectReference: {fileID: 0}
    - target: {fileID: 7187520988728776661, guid: aca8c35607e030c4cbe4377f3de7f3b8,
        type: 3}
      propertyPath: m_LocalEulerAnglesHint.x
      value: 0
      objectReference: {fileID: 0}
    - target: {fileID: 7187520988728776661, guid: aca8c35607e030c4cbe4377f3de7f3b8,
        type: 3}
      propertyPath: m_LocalEulerAnglesHint.y
      value: 0
      objectReference: {fileID: 0}
    - target: {fileID: 7187520988728776661, guid: aca8c35607e030c4cbe4377f3de7f3b8,
        type: 3}
      propertyPath: m_LocalEulerAnglesHint.z
      value: 0
      objectReference: {fileID: 0}
    m_RemovedComponents: []
  m_SourcePrefab: {fileID: 100100000, guid: aca8c35607e030c4cbe4377f3de7f3b8, type: 3}
--- !u!4 &1037299527 stripped
Transform:
  m_CorrespondingSourceObject: {fileID: 7187520988728776661, guid: aca8c35607e030c4cbe4377f3de7f3b8,
    type: 3}
  m_PrefabInstance: {fileID: 1037299526}
  m_PrefabAsset: {fileID: 0}
--- !u!1001 &1147492928
PrefabInstance:
  m_ObjectHideFlags: 0
  serializedVersion: 2
  m_Modification:
    m_TransformParent: {fileID: 248191011}
    m_Modifications:
    - target: {fileID: 389368983688223206, guid: aca8c35607e030c4cbe4377f3de7f3b8,
        type: 3}
      propertyPath: m_Name
      value: Skelly
      objectReference: {fileID: 0}
    - target: {fileID: 7187520988728776661, guid: aca8c35607e030c4cbe4377f3de7f3b8,
        type: 3}
      propertyPath: m_RootOrder
      value: 1
      objectReference: {fileID: 0}
    - target: {fileID: 7187520988728776661, guid: aca8c35607e030c4cbe4377f3de7f3b8,
        type: 3}
      propertyPath: m_LocalPosition.x
      value: -0.16908717
      objectReference: {fileID: 0}
    - target: {fileID: 7187520988728776661, guid: aca8c35607e030c4cbe4377f3de7f3b8,
        type: 3}
      propertyPath: m_LocalPosition.y
      value: -2.248063
      objectReference: {fileID: 0}
    - target: {fileID: 7187520988728776661, guid: aca8c35607e030c4cbe4377f3de7f3b8,
        type: 3}
      propertyPath: m_LocalPosition.z
      value: 3.573623
      objectReference: {fileID: 0}
    - target: {fileID: 7187520988728776661, guid: aca8c35607e030c4cbe4377f3de7f3b8,
        type: 3}
      propertyPath: m_LocalRotation.w
      value: 1
      objectReference: {fileID: 0}
    - target: {fileID: 7187520988728776661, guid: aca8c35607e030c4cbe4377f3de7f3b8,
        type: 3}
      propertyPath: m_LocalRotation.x
      value: -0
      objectReference: {fileID: 0}
    - target: {fileID: 7187520988728776661, guid: aca8c35607e030c4cbe4377f3de7f3b8,
        type: 3}
      propertyPath: m_LocalRotation.y
      value: -0
      objectReference: {fileID: 0}
    - target: {fileID: 7187520988728776661, guid: aca8c35607e030c4cbe4377f3de7f3b8,
        type: 3}
      propertyPath: m_LocalRotation.z
      value: -0
      objectReference: {fileID: 0}
    - target: {fileID: 7187520988728776661, guid: aca8c35607e030c4cbe4377f3de7f3b8,
        type: 3}
      propertyPath: m_LocalEulerAnglesHint.x
      value: 0
      objectReference: {fileID: 0}
    - target: {fileID: 7187520988728776661, guid: aca8c35607e030c4cbe4377f3de7f3b8,
        type: 3}
      propertyPath: m_LocalEulerAnglesHint.y
      value: 0
      objectReference: {fileID: 0}
    - target: {fileID: 7187520988728776661, guid: aca8c35607e030c4cbe4377f3de7f3b8,
        type: 3}
      propertyPath: m_LocalEulerAnglesHint.z
      value: 0
      objectReference: {fileID: 0}
    m_RemovedComponents: []
  m_SourcePrefab: {fileID: 100100000, guid: aca8c35607e030c4cbe4377f3de7f3b8, type: 3}
--- !u!4 &1147492929 stripped
Transform:
  m_CorrespondingSourceObject: {fileID: 7187520988728776661, guid: aca8c35607e030c4cbe4377f3de7f3b8,
    type: 3}
  m_PrefabInstance: {fileID: 1147492928}
  m_PrefabAsset: {fileID: 0}
--- !u!1001 &1209108422
PrefabInstance:
  m_ObjectHideFlags: 0
  serializedVersion: 2
  m_Modification:
    m_TransformParent: {fileID: 660562285}
    m_Modifications:
    - target: {fileID: 1903276108853898484, guid: cca783a582b4f204a802a800378199c1,
        type: 3}
      propertyPath: m_Name
      value: SharkoRSpawner
      objectReference: {fileID: 0}
    - target: {fileID: 1903276108853898485, guid: cca783a582b4f204a802a800378199c1,
        type: 3}
      propertyPath: m_RootOrder
      value: 0
      objectReference: {fileID: 0}
    - target: {fileID: 1903276108853898485, guid: cca783a582b4f204a802a800378199c1,
        type: 3}
      propertyPath: m_LocalPosition.x
      value: -6.57
      objectReference: {fileID: 0}
    - target: {fileID: 1903276108853898485, guid: cca783a582b4f204a802a800378199c1,
        type: 3}
      propertyPath: m_LocalPosition.y
      value: 0.106208414
      objectReference: {fileID: 0}
    - target: {fileID: 1903276108853898485, guid: cca783a582b4f204a802a800378199c1,
        type: 3}
      propertyPath: m_LocalPosition.z
      value: 12.074219
      objectReference: {fileID: 0}
    - target: {fileID: 1903276108853898485, guid: cca783a582b4f204a802a800378199c1,
        type: 3}
      propertyPath: m_LocalRotation.w
      value: 1
      objectReference: {fileID: 0}
    - target: {fileID: 1903276108853898485, guid: cca783a582b4f204a802a800378199c1,
        type: 3}
      propertyPath: m_LocalRotation.x
      value: -0
      objectReference: {fileID: 0}
    - target: {fileID: 1903276108853898485, guid: cca783a582b4f204a802a800378199c1,
        type: 3}
      propertyPath: m_LocalRotation.y
      value: -0
      objectReference: {fileID: 0}
    - target: {fileID: 1903276108853898485, guid: cca783a582b4f204a802a800378199c1,
        type: 3}
      propertyPath: m_LocalRotation.z
      value: -0
      objectReference: {fileID: 0}
    - target: {fileID: 1903276108853898485, guid: cca783a582b4f204a802a800378199c1,
        type: 3}
      propertyPath: m_LocalEulerAnglesHint.x
      value: 0
      objectReference: {fileID: 0}
    - target: {fileID: 1903276108853898485, guid: cca783a582b4f204a802a800378199c1,
        type: 3}
      propertyPath: m_LocalEulerAnglesHint.y
      value: 0
      objectReference: {fileID: 0}
    - target: {fileID: 1903276108853898485, guid: cca783a582b4f204a802a800378199c1,
        type: 3}
      propertyPath: m_LocalEulerAnglesHint.z
      value: 0
      objectReference: {fileID: 0}
    m_RemovedComponents: []
  m_SourcePrefab: {fileID: 100100000, guid: cca783a582b4f204a802a800378199c1, type: 3}
--- !u!4 &1209108423 stripped
Transform:
  m_CorrespondingSourceObject: {fileID: 1903276108853898485, guid: cca783a582b4f204a802a800378199c1,
    type: 3}
  m_PrefabInstance: {fileID: 1209108422}
  m_PrefabAsset: {fileID: 0}
--- !u!1001 &1347472780
PrefabInstance:
  m_ObjectHideFlags: 0
  serializedVersion: 2
  m_Modification:
    m_TransformParent: {fileID: 248191011}
    m_Modifications:
    - target: {fileID: 389368983688223206, guid: aca8c35607e030c4cbe4377f3de7f3b8,
        type: 3}
      propertyPath: m_Name
      value: Skelly
      objectReference: {fileID: 0}
    - target: {fileID: 3100538271424412174, guid: aca8c35607e030c4cbe4377f3de7f3b8,
        type: 3}
      propertyPath: m_FlipX
      value: 1
      objectReference: {fileID: 0}
    - target: {fileID: 7187520988728776661, guid: aca8c35607e030c4cbe4377f3de7f3b8,
        type: 3}
      propertyPath: m_RootOrder
      value: 6
      objectReference: {fileID: 0}
    - target: {fileID: 7187520988728776661, guid: aca8c35607e030c4cbe4377f3de7f3b8,
        type: 3}
      propertyPath: m_LocalPosition.x
      value: 1.2810458
      objectReference: {fileID: 0}
    - target: {fileID: 7187520988728776661, guid: aca8c35607e030c4cbe4377f3de7f3b8,
        type: 3}
      propertyPath: m_LocalPosition.y
      value: -2.4804769
      objectReference: {fileID: 0}
    - target: {fileID: 7187520988728776661, guid: aca8c35607e030c4cbe4377f3de7f3b8,
        type: 3}
      propertyPath: m_LocalPosition.z
      value: 3.573623
      objectReference: {fileID: 0}
    - target: {fileID: 7187520988728776661, guid: aca8c35607e030c4cbe4377f3de7f3b8,
        type: 3}
      propertyPath: m_LocalRotation.w
      value: 1
      objectReference: {fileID: 0}
    - target: {fileID: 7187520988728776661, guid: aca8c35607e030c4cbe4377f3de7f3b8,
        type: 3}
      propertyPath: m_LocalRotation.x
      value: -0
      objectReference: {fileID: 0}
    - target: {fileID: 7187520988728776661, guid: aca8c35607e030c4cbe4377f3de7f3b8,
        type: 3}
      propertyPath: m_LocalRotation.y
      value: -0
      objectReference: {fileID: 0}
    - target: {fileID: 7187520988728776661, guid: aca8c35607e030c4cbe4377f3de7f3b8,
        type: 3}
      propertyPath: m_LocalRotation.z
      value: -0
      objectReference: {fileID: 0}
    - target: {fileID: 7187520988728776661, guid: aca8c35607e030c4cbe4377f3de7f3b8,
        type: 3}
      propertyPath: m_LocalEulerAnglesHint.x
      value: 0
      objectReference: {fileID: 0}
    - target: {fileID: 7187520988728776661, guid: aca8c35607e030c4cbe4377f3de7f3b8,
        type: 3}
      propertyPath: m_LocalEulerAnglesHint.y
      value: 0
      objectReference: {fileID: 0}
    - target: {fileID: 7187520988728776661, guid: aca8c35607e030c4cbe4377f3de7f3b8,
        type: 3}
      propertyPath: m_LocalEulerAnglesHint.z
      value: 0
      objectReference: {fileID: 0}
    m_RemovedComponents: []
  m_SourcePrefab: {fileID: 100100000, guid: aca8c35607e030c4cbe4377f3de7f3b8, type: 3}
--- !u!1 &1387990985
GameObject:
  m_ObjectHideFlags: 0
  m_CorrespondingSourceObject: {fileID: 0}
  m_PrefabInstance: {fileID: 0}
  m_PrefabAsset: {fileID: 0}
  serializedVersion: 6
  m_Component:
  - component: {fileID: 1387990987}
  - component: {fileID: 1387990986}
  m_Layer: 0
  m_Name: ship
  m_TagString: Untagged
  m_Icon: {fileID: 0}
  m_NavMeshLayer: 0
  m_StaticEditorFlags: 0
  m_IsActive: 1
--- !u!212 &1387990986
SpriteRenderer:
  m_ObjectHideFlags: 0
  m_CorrespondingSourceObject: {fileID: 0}
  m_PrefabInstance: {fileID: 0}
  m_PrefabAsset: {fileID: 0}
  m_GameObject: {fileID: 1387990985}
  m_Enabled: 1
  m_CastShadows: 0
  m_ReceiveShadows: 0
  m_DynamicOccludee: 1
  m_MotionVectors: 1
  m_LightProbeUsage: 1
  m_ReflectionProbeUsage: 1
  m_RayTracingMode: 0
  m_RenderingLayerMask: 1
  m_RendererPriority: 0
  m_Materials:
  - {fileID: 10754, guid: 0000000000000000f000000000000000, type: 0}
  m_StaticBatchInfo:
    firstSubMesh: 0
    subMeshCount: 0
  m_StaticBatchRoot: {fileID: 0}
  m_ProbeAnchor: {fileID: 0}
  m_LightProbeVolumeOverride: {fileID: 0}
  m_ScaleInLightmap: 1
  m_ReceiveGI: 1
  m_PreserveUVs: 0
  m_IgnoreNormalsForChartDetection: 0
  m_ImportantGI: 0
  m_StitchLightmapSeams: 1
  m_SelectedEditorRenderState: 0
  m_MinimumChartSize: 4
  m_AutoUVMaxDistance: 0.5
  m_AutoUVMaxAngle: 89
  m_LightmapParameters: {fileID: 0}
  m_SortingLayerID: -501623515
  m_SortingLayer: 2
  m_SortingOrder: 0
  m_Sprite: {fileID: 21300000, guid: 429aa56cfc11dcb4da1db585eba7415a, type: 3}
  m_Color: {r: 1, g: 1, b: 1, a: 1}
  m_FlipX: 0
  m_FlipY: 0
  m_DrawMode: 0
  m_Size: {x: 2.56, y: 1.28}
  m_AdaptiveModeThreshold: 0.5
  m_SpriteTileMode: 0
  m_WasSpriteAssigned: 1
  m_MaskInteraction: 0
  m_SpriteSortPoint: 0
--- !u!4 &1387990987
Transform:
  m_ObjectHideFlags: 0
  m_CorrespondingSourceObject: {fileID: 0}
  m_PrefabInstance: {fileID: 0}
  m_PrefabAsset: {fileID: 0}
  m_GameObject: {fileID: 1387990985}
  m_LocalRotation: {x: -0, y: -0, z: -0, w: 1}
  m_LocalPosition: {x: -1.6495796, y: -1.8554324, z: 3.573623}
  m_LocalScale: {x: 1, y: 1, z: 1}
  m_Children: []
  m_Father: {fileID: 248191011}
  m_RootOrder: 7
  m_LocalEulerAnglesHint: {x: 0, y: 0, z: 0}
--- !u!1001 &1600041098
PrefabInstance:
  m_ObjectHideFlags: 0
  serializedVersion: 2
  m_Modification:
    m_TransformParent: {fileID: 660562285}
    m_Modifications:
    - target: {fileID: 2237839071237715156, guid: 352a523a685379046a21d3ebcde7e97d,
        type: 3}
      propertyPath: spawnrate
      value: 3
      objectReference: {fileID: 0}
    - target: {fileID: 2237839071237715178, guid: 352a523a685379046a21d3ebcde7e97d,
        type: 3}
      propertyPath: m_Name
      value: FishLSpawner
      objectReference: {fileID: 0}
    - target: {fileID: 2237839071237715179, guid: 352a523a685379046a21d3ebcde7e97d,
        type: 3}
      propertyPath: m_RootOrder
      value: 4
      objectReference: {fileID: 0}
    - target: {fileID: 2237839071237715179, guid: 352a523a685379046a21d3ebcde7e97d,
        type: 3}
      propertyPath: m_LocalPosition.x
      value: 5.44
      objectReference: {fileID: 0}
    - target: {fileID: 2237839071237715179, guid: 352a523a685379046a21d3ebcde7e97d,
        type: 3}
      propertyPath: m_LocalPosition.y
      value: 0.15620841
      objectReference: {fileID: 0}
    - target: {fileID: 2237839071237715179, guid: 352a523a685379046a21d3ebcde7e97d,
        type: 3}
      propertyPath: m_LocalPosition.z
      value: 12.074219
      objectReference: {fileID: 0}
    - target: {fileID: 2237839071237715179, guid: 352a523a685379046a21d3ebcde7e97d,
        type: 3}
      propertyPath: m_LocalRotation.w
      value: 1
      objectReference: {fileID: 0}
    - target: {fileID: 2237839071237715179, guid: 352a523a685379046a21d3ebcde7e97d,
        type: 3}
      propertyPath: m_LocalRotation.x
      value: -0
      objectReference: {fileID: 0}
    - target: {fileID: 2237839071237715179, guid: 352a523a685379046a21d3ebcde7e97d,
        type: 3}
      propertyPath: m_LocalRotation.y
      value: -0
      objectReference: {fileID: 0}
    - target: {fileID: 2237839071237715179, guid: 352a523a685379046a21d3ebcde7e97d,
        type: 3}
      propertyPath: m_LocalRotation.z
      value: -0
      objectReference: {fileID: 0}
    - target: {fileID: 2237839071237715179, guid: 352a523a685379046a21d3ebcde7e97d,
        type: 3}
      propertyPath: m_LocalEulerAnglesHint.x
      value: 0
      objectReference: {fileID: 0}
    - target: {fileID: 2237839071237715179, guid: 352a523a685379046a21d3ebcde7e97d,
        type: 3}
      propertyPath: m_LocalEulerAnglesHint.y
      value: 0
      objectReference: {fileID: 0}
    - target: {fileID: 2237839071237715179, guid: 352a523a685379046a21d3ebcde7e97d,
        type: 3}
      propertyPath: m_LocalEulerAnglesHint.z
      value: 0
      objectReference: {fileID: 0}
    m_RemovedComponents: []
  m_SourcePrefab: {fileID: 100100000, guid: 352a523a685379046a21d3ebcde7e97d, type: 3}
--- !u!4 &1600041099 stripped
Transform:
  m_CorrespondingSourceObject: {fileID: 2237839071237715179, guid: 352a523a685379046a21d3ebcde7e97d,
    type: 3}
  m_PrefabInstance: {fileID: 1600041098}
  m_PrefabAsset: {fileID: 0}
--- !u!1001 &1662897320
PrefabInstance:
  m_ObjectHideFlags: 0
  serializedVersion: 2
  m_Modification:
    m_TransformParent: {fileID: 660562285}
    m_Modifications:
    - target: {fileID: 2237839071237715156, guid: 0b58c89d55838c6449891a8ea8c63670,
        type: 3}
      propertyPath: spawnrate
      value: 12
      objectReference: {fileID: 0}
    - target: {fileID: 2237839071237715178, guid: 0b58c89d55838c6449891a8ea8c63670,
        type: 3}
      propertyPath: m_Name
      value: SharkoLSpawner
      objectReference: {fileID: 0}
    - target: {fileID: 2237839071237715179, guid: 0b58c89d55838c6449891a8ea8c63670,
        type: 3}
      propertyPath: m_RootOrder
      value: 1
      objectReference: {fileID: 0}
    - target: {fileID: 2237839071237715179, guid: 0b58c89d55838c6449891a8ea8c63670,
        type: 3}
      propertyPath: m_LocalPosition.x
      value: 5.68
      objectReference: {fileID: 0}
    - target: {fileID: 2237839071237715179, guid: 0b58c89d55838c6449891a8ea8c63670,
        type: 3}
      propertyPath: m_LocalPosition.y
      value: 0.03
      objectReference: {fileID: 0}
    - target: {fileID: 2237839071237715179, guid: 0b58c89d55838c6449891a8ea8c63670,
        type: 3}
      propertyPath: m_LocalPosition.z
      value: 12.074219
      objectReference: {fileID: 0}
    - target: {fileID: 2237839071237715179, guid: 0b58c89d55838c6449891a8ea8c63670,
        type: 3}
      propertyPath: m_LocalRotation.w
      value: 1
      objectReference: {fileID: 0}
    - target: {fileID: 2237839071237715179, guid: 0b58c89d55838c6449891a8ea8c63670,
        type: 3}
      propertyPath: m_LocalRotation.x
      value: -0
      objectReference: {fileID: 0}
    - target: {fileID: 2237839071237715179, guid: 0b58c89d55838c6449891a8ea8c63670,
        type: 3}
      propertyPath: m_LocalRotation.y
      value: -0
      objectReference: {fileID: 0}
    - target: {fileID: 2237839071237715179, guid: 0b58c89d55838c6449891a8ea8c63670,
        type: 3}
      propertyPath: m_LocalRotation.z
      value: -0
      objectReference: {fileID: 0}
    - target: {fileID: 2237839071237715179, guid: 0b58c89d55838c6449891a8ea8c63670,
        type: 3}
      propertyPath: m_LocalEulerAnglesHint.x
      value: 0
      objectReference: {fileID: 0}
    - target: {fileID: 2237839071237715179, guid: 0b58c89d55838c6449891a8ea8c63670,
        type: 3}
      propertyPath: m_LocalEulerAnglesHint.y
      value: 0
      objectReference: {fileID: 0}
    - target: {fileID: 2237839071237715179, guid: 0b58c89d55838c6449891a8ea8c63670,
        type: 3}
      propertyPath: m_LocalEulerAnglesHint.z
      value: 0
      objectReference: {fileID: 0}
    m_RemovedComponents: []
  m_SourcePrefab: {fileID: 100100000, guid: 0b58c89d55838c6449891a8ea8c63670, type: 3}
--- !u!4 &1662897321 stripped
Transform:
  m_CorrespondingSourceObject: {fileID: 2237839071237715179, guid: 0b58c89d55838c6449891a8ea8c63670,
    type: 3}
  m_PrefabInstance: {fileID: 1662897320}
  m_PrefabAsset: {fileID: 0}
--- !u!1001 &1814341729
PrefabInstance:
  m_ObjectHideFlags: 0
  serializedVersion: 2
  m_Modification:
    m_TransformParent: {fileID: 0}
    m_Modifications:
    - target: {fileID: 175385295328607509, guid: 87b507b75946741469e42216c41bc647,
        type: 3}
      propertyPath: m_Name
      value: Canvas
      objectReference: {fileID: 0}
    - target: {fileID: 175385295328607512, guid: 87b507b75946741469e42216c41bc647,
        type: 3}
      propertyPath: m_Camera
      value: 
      objectReference: {fileID: 519420031}
    - target: {fileID: 175385295328607513, guid: 87b507b75946741469e42216c41bc647,
        type: 3}
      propertyPath: m_Pivot.x
      value: 0
      objectReference: {fileID: 0}
    - target: {fileID: 175385295328607513, guid: 87b507b75946741469e42216c41bc647,
        type: 3}
      propertyPath: m_Pivot.y
      value: 0
      objectReference: {fileID: 0}
    - target: {fileID: 175385295328607513, guid: 87b507b75946741469e42216c41bc647,
        type: 3}
      propertyPath: m_RootOrder
      value: 8
      objectReference: {fileID: 0}
    - target: {fileID: 175385295328607513, guid: 87b507b75946741469e42216c41bc647,
        type: 3}
      propertyPath: m_AnchorMax.x
      value: 0
      objectReference: {fileID: 0}
    - target: {fileID: 175385295328607513, guid: 87b507b75946741469e42216c41bc647,
        type: 3}
      propertyPath: m_AnchorMax.y
      value: 0
      objectReference: {fileID: 0}
    - target: {fileID: 175385295328607513, guid: 87b507b75946741469e42216c41bc647,
        type: 3}
      propertyPath: m_AnchorMin.x
      value: 0
      objectReference: {fileID: 0}
    - target: {fileID: 175385295328607513, guid: 87b507b75946741469e42216c41bc647,
        type: 3}
      propertyPath: m_AnchorMin.y
      value: 0
      objectReference: {fileID: 0}
    - target: {fileID: 175385295328607513, guid: 87b507b75946741469e42216c41bc647,
        type: 3}
      propertyPath: m_SizeDelta.x
      value: 0
      objectReference: {fileID: 0}
    - target: {fileID: 175385295328607513, guid: 87b507b75946741469e42216c41bc647,
        type: 3}
      propertyPath: m_SizeDelta.y
      value: 0
      objectReference: {fileID: 0}
    - target: {fileID: 175385295328607513, guid: 87b507b75946741469e42216c41bc647,
        type: 3}
      propertyPath: m_LocalPosition.x
      value: 0
      objectReference: {fileID: 0}
    - target: {fileID: 175385295328607513, guid: 87b507b75946741469e42216c41bc647,
        type: 3}
      propertyPath: m_LocalPosition.y
      value: 0
      objectReference: {fileID: 0}
    - target: {fileID: 175385295328607513, guid: 87b507b75946741469e42216c41bc647,
        type: 3}
      propertyPath: m_LocalPosition.z
      value: 0
      objectReference: {fileID: 0}
    - target: {fileID: 175385295328607513, guid: 87b507b75946741469e42216c41bc647,
        type: 3}
      propertyPath: m_LocalRotation.w
      value: 1
      objectReference: {fileID: 0}
    - target: {fileID: 175385295328607513, guid: 87b507b75946741469e42216c41bc647,
        type: 3}
      propertyPath: m_LocalRotation.x
      value: 0
      objectReference: {fileID: 0}
    - target: {fileID: 175385295328607513, guid: 87b507b75946741469e42216c41bc647,
        type: 3}
      propertyPath: m_LocalRotation.y
      value: 0
      objectReference: {fileID: 0}
    - target: {fileID: 175385295328607513, guid: 87b507b75946741469e42216c41bc647,
        type: 3}
      propertyPath: m_LocalRotation.z
      value: 0
      objectReference: {fileID: 0}
    - target: {fileID: 175385295328607513, guid: 87b507b75946741469e42216c41bc647,
        type: 3}
      propertyPath: m_AnchoredPosition.x
      value: 0
      objectReference: {fileID: 0}
    - target: {fileID: 175385295328607513, guid: 87b507b75946741469e42216c41bc647,
        type: 3}
      propertyPath: m_AnchoredPosition.y
      value: 0
      objectReference: {fileID: 0}
    - target: {fileID: 175385295328607513, guid: 87b507b75946741469e42216c41bc647,
        type: 3}
      propertyPath: m_LocalEulerAnglesHint.x
      value: 0
      objectReference: {fileID: 0}
    - target: {fileID: 175385295328607513, guid: 87b507b75946741469e42216c41bc647,
        type: 3}
      propertyPath: m_LocalEulerAnglesHint.y
      value: 0
      objectReference: {fileID: 0}
    - target: {fileID: 175385295328607513, guid: 87b507b75946741469e42216c41bc647,
        type: 3}
      propertyPath: m_LocalEulerAnglesHint.z
      value: 0
      objectReference: {fileID: 0}
    m_RemovedComponents: []
  m_SourcePrefab: {fileID: 100100000, guid: 87b507b75946741469e42216c41bc647, type: 3}
--- !u!1001 &1869726334
PrefabInstance:
  m_ObjectHideFlags: 0
  serializedVersion: 2
  m_Modification:
    m_TransformParent: {fileID: 248191011}
    m_Modifications:
    - target: {fileID: 389368983688223206, guid: aca8c35607e030c4cbe4377f3de7f3b8,
        type: 3}
      propertyPath: m_Name
      value: Skelly (2)
      objectReference: {fileID: 0}
    - target: {fileID: 3100538271424412174, guid: aca8c35607e030c4cbe4377f3de7f3b8,
        type: 3}
      propertyPath: m_FlipX
      value: 1
      objectReference: {fileID: 0}
    - target: {fileID: 7187520988728776661, guid: aca8c35607e030c4cbe4377f3de7f3b8,
        type: 3}
      propertyPath: m_RootOrder
      value: 3
      objectReference: {fileID: 0}
    - target: {fileID: 7187520988728776661, guid: aca8c35607e030c4cbe4377f3de7f3b8,
        type: 3}
      propertyPath: m_LocalPosition.x
      value: -4.401548
      objectReference: {fileID: 0}
    - target: {fileID: 7187520988728776661, guid: aca8c35607e030c4cbe4377f3de7f3b8,
        type: 3}
      propertyPath: m_LocalPosition.y
      value: -2.2546592
      objectReference: {fileID: 0}
    - target: {fileID: 7187520988728776661, guid: aca8c35607e030c4cbe4377f3de7f3b8,
        type: 3}
      propertyPath: m_LocalPosition.z
      value: 3.573623
      objectReference: {fileID: 0}
    - target: {fileID: 7187520988728776661, guid: aca8c35607e030c4cbe4377f3de7f3b8,
        type: 3}
      propertyPath: m_LocalRotation.w
      value: 1
      objectReference: {fileID: 0}
    - target: {fileID: 7187520988728776661, guid: aca8c35607e030c4cbe4377f3de7f3b8,
        type: 3}
      propertyPath: m_LocalRotation.x
      value: -0
      objectReference: {fileID: 0}
    - target: {fileID: 7187520988728776661, guid: aca8c35607e030c4cbe4377f3de7f3b8,
        type: 3}
      propertyPath: m_LocalRotation.y
      value: -0
      objectReference: {fileID: 0}
    - target: {fileID: 7187520988728776661, guid: aca8c35607e030c4cbe4377f3de7f3b8,
        type: 3}
      propertyPath: m_LocalRotation.z
      value: -0
      objectReference: {fileID: 0}
    - target: {fileID: 7187520988728776661, guid: aca8c35607e030c4cbe4377f3de7f3b8,
        type: 3}
      propertyPath: m_LocalEulerAnglesHint.x
      value: 0
      objectReference: {fileID: 0}
    - target: {fileID: 7187520988728776661, guid: aca8c35607e030c4cbe4377f3de7f3b8,
        type: 3}
      propertyPath: m_LocalEulerAnglesHint.y
      value: 0
      objectReference: {fileID: 0}
    - target: {fileID: 7187520988728776661, guid: aca8c35607e030c4cbe4377f3de7f3b8,
        type: 3}
      propertyPath: m_LocalEulerAnglesHint.z
      value: 0
      objectReference: {fileID: 0}
    m_RemovedComponents: []
  m_SourcePrefab: {fileID: 100100000, guid: aca8c35607e030c4cbe4377f3de7f3b8, type: 3}
--- !u!4 &1869726335 stripped
Transform:
  m_CorrespondingSourceObject: {fileID: 7187520988728776661, guid: aca8c35607e030c4cbe4377f3de7f3b8,
    type: 3}
  m_PrefabInstance: {fileID: 1869726334}
  m_PrefabAsset: {fileID: 0}
--- !u!4 &2094044167 stripped
Transform:
  m_CorrespondingSourceObject: {fileID: 7187520988728776661, guid: aca8c35607e030c4cbe4377f3de7f3b8,
    type: 3}
  m_PrefabInstance: {fileID: 730808088}
  m_PrefabAsset: {fileID: 0}
--- !u!1 &2104080268
GameObject:
  m_ObjectHideFlags: 0
  m_CorrespondingSourceObject: {fileID: 0}
  m_PrefabInstance: {fileID: 0}
  m_PrefabAsset: {fileID: 0}
  serializedVersion: 6
  m_Component:
  - component: {fileID: 2104080270}
  - component: {fileID: 2104080269}
  - component: {fileID: 2104080272}
  - component: {fileID: 2104080271}
  m_Layer: 0
  m_Name: Background
  m_TagString: Untagged
  m_Icon: {fileID: 0}
  m_NavMeshLayer: 0
  m_StaticEditorFlags: 0
  m_IsActive: 1
--- !u!212 &2104080269
SpriteRenderer:
  m_ObjectHideFlags: 0
  m_CorrespondingSourceObject: {fileID: 0}
  m_PrefabInstance: {fileID: 0}
  m_PrefabAsset: {fileID: 0}
  m_GameObject: {fileID: 2104080268}
  m_Enabled: 1
  m_CastShadows: 0
  m_ReceiveShadows: 0
  m_DynamicOccludee: 1
  m_MotionVectors: 1
  m_LightProbeUsage: 1
  m_ReflectionProbeUsage: 1
  m_RayTracingMode: 0
  m_RenderingLayerMask: 1
  m_RendererPriority: 0
  m_Materials:
  - {fileID: 10754, guid: 0000000000000000f000000000000000, type: 0}
  m_StaticBatchInfo:
    firstSubMesh: 0
    subMeshCount: 0
  m_StaticBatchRoot: {fileID: 0}
  m_ProbeAnchor: {fileID: 0}
  m_LightProbeVolumeOverride: {fileID: 0}
  m_ScaleInLightmap: 1
  m_ReceiveGI: 1
  m_PreserveUVs: 0
  m_IgnoreNormalsForChartDetection: 0
  m_ImportantGI: 0
  m_StitchLightmapSeams: 1
  m_SelectedEditorRenderState: 0
  m_MinimumChartSize: 4
  m_AutoUVMaxDistance: 0.5
  m_AutoUVMaxAngle: 89
  m_LightmapParameters: {fileID: 0}
  m_SortingLayerID: 159417331
  m_SortingLayer: 1
  m_SortingOrder: 0
  m_Sprite: {fileID: 21300000, guid: 867b31d84ed2c12408fa67842a09f15f, type: 3}
  m_Color: {r: 1, g: 1, b: 1, a: 1}
  m_FlipX: 0
  m_FlipY: 0
  m_DrawMode: 0
  m_Size: {x: 9.59, y: 5.4}
  m_AdaptiveModeThreshold: 0.5
  m_SpriteTileMode: 0
  m_WasSpriteAssigned: 1
  m_MaskInteraction: 0
  m_SpriteSortPoint: 0
--- !u!4 &2104080270
Transform:
  m_ObjectHideFlags: 0
  m_CorrespondingSourceObject: {fileID: 0}
  m_PrefabInstance: {fileID: 0}
  m_PrefabAsset: {fileID: 0}
  m_GameObject: {fileID: 2104080268}
  m_LocalRotation: {x: 0, y: 0, z: 0, w: 1}
  m_LocalPosition: {x: 0.012984, y: -0.18643951, z: 0}
  m_LocalScale: {x: 1.2, y: 1, z: 1}
  m_Children: []
  m_Father: {fileID: 0}
  m_RootOrder: 2
  m_LocalEulerAnglesHint: {x: 0, y: 0, z: 0}
--- !u!68 &2104080271
EdgeCollider2D:
  m_ObjectHideFlags: 0
  m_CorrespondingSourceObject: {fileID: 0}
  m_PrefabInstance: {fileID: 0}
  m_PrefabAsset: {fileID: 0}
  m_GameObject: {fileID: 2104080268}
  m_Enabled: 1
  m_Density: 1
  m_Material: {fileID: 0}
  m_IsTrigger: 0
  m_UsedByEffector: 0
  m_UsedByComposite: 0
  m_Offset: {x: 0, y: 0}
  m_EdgeRadius: 0
  m_Points:
  - {x: -7.2321987, y: 2.6672587}
  - {x: 0.016288012, y: 2.6744292}
  - {x: 0.05130942, y: 2.6743002}
  - {x: 0.118061885, y: 2.6745842}
  - {x: 7.6157823, y: 2.7064652}
--- !u!68 &2104080272
EdgeCollider2D:
  m_ObjectHideFlags: 0
  m_CorrespondingSourceObject: {fileID: 0}
  m_PrefabInstance: {fileID: 0}
  m_PrefabAsset: {fileID: 0}
  m_GameObject: {fileID: 2104080268}
  m_Enabled: 1
  m_Density: 1
  m_Material: {fileID: 0}
  m_IsTrigger: 0
  m_UsedByEffector: 0
  m_UsedByComposite: 0
  m_Offset: {x: 0, y: 0}
  m_EdgeRadius: 0
  m_Points:
  - {x: -7.3068066, y: -2.6567125}
  - {x: 7.555499, y: -2.6921353}
--- !u!1001 &1882774752847478953
PrefabInstance:
  m_ObjectHideFlags: 0
  serializedVersion: 2
  m_Modification:
    m_TransformParent: {fileID: 248191011}
    m_Modifications:
    - target: {fileID: 389368983688223206, guid: aca8c35607e030c4cbe4377f3de7f3b8,
        type: 3}
      propertyPath: m_Name
      value: Skelly
      objectReference: {fileID: 0}
    - target: {fileID: 7187520988728776661, guid: aca8c35607e030c4cbe4377f3de7f3b8,
        type: 3}
      propertyPath: m_RootOrder
      value: 0
      objectReference: {fileID: 0}
    - target: {fileID: 7187520988728776661, guid: aca8c35607e030c4cbe4377f3de7f3b8,
        type: 3}
      propertyPath: m_LocalPosition.x
      value: -3.185637
      objectReference: {fileID: 0}
    - target: {fileID: 7187520988728776661, guid: aca8c35607e030c4cbe4377f3de7f3b8,
        type: 3}
      propertyPath: m_LocalPosition.y
      value: -2.1789742
      objectReference: {fileID: 0}
    - target: {fileID: 7187520988728776661, guid: aca8c35607e030c4cbe4377f3de7f3b8,
        type: 3}
      propertyPath: m_LocalPosition.z
      value: 3.573623
      objectReference: {fileID: 0}
    - target: {fileID: 7187520988728776661, guid: aca8c35607e030c4cbe4377f3de7f3b8,
        type: 3}
      propertyPath: m_LocalRotation.w
      value: 1
      objectReference: {fileID: 0}
    - target: {fileID: 7187520988728776661, guid: aca8c35607e030c4cbe4377f3de7f3b8,
        type: 3}
      propertyPath: m_LocalRotation.x
      value: -0
      objectReference: {fileID: 0}
    - target: {fileID: 7187520988728776661, guid: aca8c35607e030c4cbe4377f3de7f3b8,
        type: 3}
      propertyPath: m_LocalRotation.y
      value: -0
      objectReference: {fileID: 0}
    - target: {fileID: 7187520988728776661, guid: aca8c35607e030c4cbe4377f3de7f3b8,
        type: 3}
      propertyPath: m_LocalRotation.z
      value: -0
      objectReference: {fileID: 0}
    - target: {fileID: 7187520988728776661, guid: aca8c35607e030c4cbe4377f3de7f3b8,
        type: 3}
      propertyPath: m_LocalEulerAnglesHint.x
      value: 0
      objectReference: {fileID: 0}
    - target: {fileID: 7187520988728776661, guid: aca8c35607e030c4cbe4377f3de7f3b8,
        type: 3}
      propertyPath: m_LocalEulerAnglesHint.y
      value: 0
      objectReference: {fileID: 0}
    - target: {fileID: 7187520988728776661, guid: aca8c35607e030c4cbe4377f3de7f3b8,
        type: 3}
      propertyPath: m_LocalEulerAnglesHint.z
      value: 0
      objectReference: {fileID: 0}
    m_RemovedComponents: []
  m_SourcePrefab: {fileID: 100100000, guid: aca8c35607e030c4cbe4377f3de7f3b8, type: 3}
--- !u!4 &1882774752847478954 stripped
Transform:
  m_CorrespondingSourceObject: {fileID: 7187520988728776661, guid: aca8c35607e030c4cbe4377f3de7f3b8,
    type: 3}
  m_PrefabInstance: {fileID: 1882774752847478953}
  m_PrefabAsset: {fileID: 0}
--- !u!1001 &6533646895912846725
PrefabInstance:
  m_ObjectHideFlags: 0
  serializedVersion: 2
  m_Modification:
    m_TransformParent: {fileID: 0}
    m_Modifications:
    - target: {fileID: 6533646895895683641, guid: 7ee7c450858db8148a82a1907ca9ebc1,
        type: 3}
      propertyPath: m_Name
      value: Player
      objectReference: {fileID: 0}
    - target: {fileID: 6533646895895683643, guid: 7ee7c450858db8148a82a1907ca9ebc1,
        type: 3}
      propertyPath: m_RootOrder
      value: 1
      objectReference: {fileID: 0}
    - target: {fileID: 6533646895895683643, guid: 7ee7c450858db8148a82a1907ca9ebc1,
        type: 3}
      propertyPath: m_LocalPosition.x
      value: 0.01
      objectReference: {fileID: 0}
    - target: {fileID: 6533646895895683643, guid: 7ee7c450858db8148a82a1907ca9ebc1,
        type: 3}
      propertyPath: m_LocalPosition.y
      value: 2.378
      objectReference: {fileID: 0}
    - target: {fileID: 6533646895895683643, guid: 7ee7c450858db8148a82a1907ca9ebc1,
        type: 3}
      propertyPath: m_LocalPosition.z
      value: 0
      objectReference: {fileID: 0}
    - target: {fileID: 6533646895895683643, guid: 7ee7c450858db8148a82a1907ca9ebc1,
        type: 3}
      propertyPath: m_LocalRotation.w
      value: 1
      objectReference: {fileID: 0}
    - target: {fileID: 6533646895895683643, guid: 7ee7c450858db8148a82a1907ca9ebc1,
        type: 3}
      propertyPath: m_LocalRotation.x
      value: 0
      objectReference: {fileID: 0}
    - target: {fileID: 6533646895895683643, guid: 7ee7c450858db8148a82a1907ca9ebc1,
        type: 3}
      propertyPath: m_LocalRotation.y
      value: 0
      objectReference: {fileID: 0}
    - target: {fileID: 6533646895895683643, guid: 7ee7c450858db8148a82a1907ca9ebc1,
        type: 3}
      propertyPath: m_LocalRotation.z
      value: 0
      objectReference: {fileID: 0}
    - target: {fileID: 6533646895895683643, guid: 7ee7c450858db8148a82a1907ca9ebc1,
        type: 3}
      propertyPath: m_LocalEulerAnglesHint.x
      value: 0
      objectReference: {fileID: 0}
    - target: {fileID: 6533646895895683643, guid: 7ee7c450858db8148a82a1907ca9ebc1,
        type: 3}
      propertyPath: m_LocalEulerAnglesHint.y
      value: 0
      objectReference: {fileID: 0}
    - target: {fileID: 6533646895895683643, guid: 7ee7c450858db8148a82a1907ca9ebc1,
        type: 3}
      propertyPath: m_LocalEulerAnglesHint.z
      value: 0
      objectReference: {fileID: 0}
    - target: {fileID: 6533646895895683653, guid: 7ee7c450858db8148a82a1907ca9ebc1,
        type: 3}
      propertyPath: speed
      value: 1.5
      objectReference: {fileID: 0}
    m_RemovedComponents: []
  m_SourcePrefab: {fileID: 100100000, guid: 7ee7c450858db8148a82a1907ca9ebc1, type: 3}
--- !u!1 &6533646895912846726 stripped
GameObject:
  m_CorrespondingSourceObject: {fileID: 6533646895895683641, guid: 7ee7c450858db8148a82a1907ca9ebc1,
    type: 3}
  m_PrefabInstance: {fileID: 6533646895912846725}
  m_PrefabAsset: {fileID: 0}
--- !u!82 &6533646895912846732
AudioSource:
  m_ObjectHideFlags: 0
  m_CorrespondingSourceObject: {fileID: 0}
  m_PrefabInstance: {fileID: 0}
  m_PrefabAsset: {fileID: 0}
  m_GameObject: {fileID: 6533646895912846726}
  m_Enabled: 1
  serializedVersion: 4
  OutputAudioMixerGroup: {fileID: 0}
  m_audioClip: {fileID: 8300000, guid: 046f3d15dffd6cb41bf3bb4462774092, type: 3}
  m_PlayOnAwake: 0
  m_Volume: 1
  m_Pitch: 1
  Loop: 0
  Mute: 0
  Spatialize: 0
  SpatializePostEffects: 0
  Priority: 128
  DopplerLevel: 1
  MinDistance: 1
  MaxDistance: 500
  Pan2D: 0
  rolloffMode: 0
  BypassEffects: 0
  BypassListenerEffects: 0
  BypassReverbZones: 0
  rolloffCustomCurve:
    serializedVersion: 2
    m_Curve:
    - serializedVersion: 3
      time: 0
      value: 1
      inSlope: 0
      outSlope: 0
      tangentMode: 0
      weightedMode: 0
      inWeight: 0.33333334
      outWeight: 0.33333334
    - serializedVersion: 3
      time: 1
      value: 0
      inSlope: 0
      outSlope: 0
      tangentMode: 0
      weightedMode: 0
      inWeight: 0.33333334
      outWeight: 0.33333334
    m_PreInfinity: 2
    m_PostInfinity: 2
    m_RotationOrder: 4
  panLevelCustomCurve:
    serializedVersion: 2
    m_Curve:
    - serializedVersion: 3
      time: 0
      value: 0
      inSlope: 0
      outSlope: 0
      tangentMode: 0
      weightedMode: 0
      inWeight: 0.33333334
      outWeight: 0.33333334
    m_PreInfinity: 2
    m_PostInfinity: 2
    m_RotationOrder: 4
  spreadCustomCurve:
    serializedVersion: 2
    m_Curve:
    - serializedVersion: 3
      time: 0
      value: 0
      inSlope: 0
      outSlope: 0
      tangentMode: 0
      weightedMode: 0
      inWeight: 0.33333334
      outWeight: 0.33333334
    m_PreInfinity: 2
    m_PostInfinity: 2
    m_RotationOrder: 4
  reverbZoneMixCustomCurve:
    serializedVersion: 2
    m_Curve:
    - serializedVersion: 3
      time: 0
      value: 1
      inSlope: 0
      outSlope: 0
      tangentMode: 0
      weightedMode: 0
      inWeight: 0.33333334
      outWeight: 0.33333334
    m_PreInfinity: 2
    m_PostInfinity: 2
    m_RotationOrder: 4
